@ARTICLE{nsl-alphabet,
  author = {George Carpow and Rafail Gasparyan},
  title = {Požičkóva i zvųkorędna otęžkě vųtrě proběgu búdovanä međuslověnskoga jazyka},
  year = {2017},
}

@ARTICLE{nsl-naklony,
  author = {George Carpow and Rafail Gasparyan},
  title = {Mòlvničny naklony v prostoru međuslověnskoga jazyka},
  year = {2018},
}

@Book{lang-dict,
  author = {David Crystal},
  title = {A Dictionary of Linguistics and Phonetics},
  year = {2008},
  publisher = {Blackwell},
  edition = {Sixth},
}